@article{AbascalEtAl_2009_ApplicationHFRadar,
  title = {Application of {{HF}} radar currents to oil spill modelling},
  author = {Abascal, Ana J. and Castanedo, Sonia and Medina, Raul and Losada, Inigo J. and {Alvarez-Fanjul}, Enrique},
  year = {2009},
  month = feb,
  journal = {Marine Pollution Bulletin},
  volume = {58},
  number = {2},
  pages = {238--248},
  issn = {0025-326X},
  doi = {10.1016/j.marpolbul.2008.09.020},
  langid = {english}
}

@article{AbernatheyEtAl_2013_DiagnosticsIsopycnalMixing,
  title = {Diagnostics of isopycnal mixing in a circumpolar channel},
  author = {Abernathey, Ryan and Ferreira, David and Klocker, Andreas},
  year = {2013},
  month = dec,
  journal = {Ocean Modelling},
  volume = {72},
  pages = {1--16},
  issn = {1463-5003},
  doi = {10.1016/j.ocemod.2013.07.004},
  langid = {english},
  annotation = {87 citations (Semantic Scholar/DOI) [2022-12-26] 74 citations (Crossref) [2022-12-26]}
}

@article{AllshousePeacock_2015_LagrangianBasedMethods,
  title = {Lagrangian based methods for coherent structure detection},
  author = {Allshouse, Michael R. and Peacock, Thomas},
  year = {2015},
  month = sep,
  journal = {Chaos: An Interdisciplinary Journal of Nonlinear Science},
  volume = {25},
  number = {9},
  pages = {097617},
  publisher = {{American Institute of Physics}},
  issn = {1054-1500},
  doi = {10.1063/1.4922968},
  annotation = {88 citations (Semantic Scholar/DOI) [2022-12-26] 66 citations (Crossref) [2022-12-26]}
}

@book{Applebaum_2004_LevyProcessesStochastic,
  title = {L\'evy {{Processes}} and {{Stochastic Calculus}}},
  author = {Applebaum, David},
  year = {2004},
  series = {Cambridge {{Studies}} in {{Advanced Mathematics}}},
  edition = {1st},
  publisher = {{Cambridge University Press}},
  address = {{Cambridge, United Kingdom}},
  isbn = {978-0-511-21119-5}
}

@article{ApteEtAl_2008_BayesianApproachLagrangian,
  title = {A {{Bayesian}} approach to {{Lagrangian}} data assimilation},
  author = {Apte, A. and Jones, C. K. R. T. and Stuart, A. M.},
  year = {2008},
  month = jan,
  journal = {Tellus A: Dynamic Meteorology and Oceanography},
  volume = {60},
  number = {2},
  pages = {336--347},
  publisher = {{Taylor \& Francis}},
  issn = {null},
  doi = {10.1111/j.1600-0870.2007.00295.x},
  annotation = {50 citations (Semantic Scholar/DOI) [2022-12-26] 35 citations (Crossref) [2022-12-26]}
}

@article{ApteJones_2013_ImpactNonlinearityLagrangian,
  title = {The impact of nonlinearity in {{Lagrangian}} data assimilation},
  author = {Apte, A. and Jones, C. K. R. T.},
  year = {2013},
  month = may,
  journal = {Nonlinear Processes in Geophysics},
  volume = {20},
  pages = {329--341},
  issn = {1023-58091607-7946       Nonlinear Processes in Geophysics},
  doi = {10.5194/npg-20-329-2013},
  keywords = {Lagrangian Data Assimilation,Nonlinear},
  annotation = {13 citations (Semantic Scholar/DOI) [2022-12-26] 13 citations (Crossref) [2022-12-26] ADS Bibcode: 2013NPGeo..20..329A}
}

@article{BadzaEtAl_2023_HowSensitiveAre,
  title = {How sensitive are {{Lagrangian}} coherent structures to uncertainties in data?},
  author = {Badza, Aleksandar and Mattner, Trent W. and Balasuriya, Sanjeeva},
  year = {2023},
  month = feb,
  journal = {Physica D: Nonlinear Phenomena},
  volume = {444},
  pages = {133580},
  issn = {0167-2789},
  doi = {10.1016/j.physd.2022.133580},
  langid = {english}
}

@article{Balasuriya_2020_StochasticApproachesLagrangian,
  title = {Stochastic approaches to {{Lagrangian}} coherent structures},
  author = {Balasuriya, Sanjeeva},
  year = {2020},
  month = jan,
  journal = {The Role of Metrics in the Theory of Partial Differential Equations},
  volume = {85},
  pages = {95--105},
  publisher = {{Mathematical Society of Japan}},
  doi = {10.2969/aspm/08510095},
  annotation = {1 citations (Semantic Scholar/DOI) [2022-12-26] 1 citations (Crossref) [2022-12-26]}
}

@article{Balasuriya_2020_StochasticSensitivityComputable,
  title = {Stochastic {{Sensitivity}}: {{A Computable Lagrangian Uncertainty Measure}} for {{Unsteady Flows}}},
  shorttitle = {Stochastic {{Sensitivity}}},
  author = {Balasuriya, Sanjeeva},
  year = {2020},
  month = nov,
  journal = {SIAM Review},
  volume = {62},
  pages = {781--816},
  doi = {10.1137/18M1222922},
  annotation = {4 citations (Semantic Scholar/DOI) [2022-12-26] 3 citations (Crossref) [2022-12-26]}
}

@article{Balasuriya_2020_UncertaintyFinitetimeLyapunov,
  title = {Uncertainty in finite-time {{Lyapunov}} exponent computations},
  author = {Balasuriya, Sanjeeva},
  year = {2020},
  journal = {Journal of Computational Dynamics},
  volume = {7},
  number = {2},
  pages = {313--337},
  publisher = {{American Institute of Mathematical Sciences}},
  doi = {10.3934/jcd.2020013},
  copyright = {http://creativecommons.org/licenses/by/3.0/},
  langid = {english},
  annotation = {3 citations (Semantic Scholar/DOI) [2022-12-26] 3 citations (Crossref) [2022-12-26]}
}

@article{BalasuriyaEtAl_2018_GeneralizedLagrangianCoherent,
  title = {Generalized {{Lagrangian}} coherent structures},
  author = {Balasuriya, Sanjeeva and Ouellette, Nicholas T. and Rypina, Irina I.},
  year = {2018},
  month = jun,
  journal = {Physica D: Nonlinear Phenomena},
  volume = {372},
  pages = {31--51},
  issn = {0167-2789},
  doi = {10.1016/j.physd.2018.01.011},
  langid = {english},
  annotation = {54 citations (Semantic Scholar/DOI) [2022-12-26] 44 citations (Crossref) [2022-12-26]}
}

@article{BalasuriyaGottwald_2018_EstimatingStableUnstable,
  title = {Estimating stable and unstable sets and their role as transport barriers in stochastic flows},
  author = {Balasuriya, Sanjeeva and Gottwald, Georg A.},
  year = {2018},
  month = jul,
  journal = {Physical Review E},
  volume = {98},
  number = {1},
  pages = {013106},
  publisher = {{American Physical Society}},
  doi = {10.1103/PhysRevE.98.013106},
  annotation = {3 citations (Semantic Scholar/DOI) [2022-12-26] 2 citations (Crossref) [2022-12-26]}
}

@article{BernerEtAl_2017_StochasticParameterizationNew,
  title = {Stochastic {{Parameterization}}: {{Toward}} a {{New View}} of {{Weather}} and {{Climate Models}}},
  shorttitle = {Stochastic {{Parameterization}}},
  author = {Berner, Judith and Achatz, Ulrich and Batt{\'e}, Lauriane and Bengtsson, Lisa and de la C{\'a}mara, Alvaro and Christensen, Hannah M. and Colangeli, Matteo and Coleman, Danielle R. B. and Crommelin, Daan and Dolaptchiev, Stamen I. and Franzke, Christian L. E. and Friederichs, Petra and Imkeller, Peter and J{\"a}rvinen, Heikki and Juricke, Stephan and Kitsios, Vassili and Lott, Fran{\c c}ois and Lucarini, Valerio and Mahajan, Salil and Palmer, Timothy N. and Penland, C{\'e}cile and Sakradzija, Mirjana and von Storch, Jin-Song and Weisheimer, Antje and Weniger, Michael and Williams, Paul D. and Yano, Jun-Ichi},
  year = {2017},
  month = mar,
  journal = {Bulletin of the American Meteorological Society},
  volume = {98},
  number = {3},
  pages = {565--588},
  publisher = {{American Meteorological Society}},
  issn = {0003-0007, 1520-0477},
  doi = {10.1175/BAMS-D-15-00268.1},
  chapter = {Bulletin of the American Meteorological Society},
  langid = {english},
  annotation = {183 citations (Semantic Scholar/DOI) [2022-12-26] 202 citations (Crossref) [2022-12-26]}
}

@article{BettencourtEtAl_2012_OceanicThreedimensionalLagrangian,
  title = {Oceanic three-dimensional {{Lagrangian}} coherent structures: {{A}} study of a mesoscale eddy in the {{Benguela}} upwelling region},
  shorttitle = {Oceanic three-dimensional {{Lagrangian}} coherent structures},
  author = {Bettencourt, Jo{\~a}o H. and L{\'o}pez, Crist{\'o}bal and {Hern{\'a}ndez-Garc{\'i}a}, Emilio},
  year = {2012},
  month = jul,
  journal = {Ocean Modelling},
  volume = {51},
  pages = {73--83},
  issn = {1463-5003},
  doi = {10.1016/j.ocemod.2012.04.004},
  langid = {english},
  annotation = {54 citations (Semantic Scholar/DOI) [2022-12-26] 46 citations (Crossref) [2022-12-26]}
}

@article{BezansonEtAl_2017_JuliaFreshApproach,
  title = {Julia: {{A Fresh Approach}} to {{Numerical Computing}}},
  shorttitle = {Julia},
  author = {Bezanson, Jeff and Edelman, Alan and Karpinski, Stefan and Shah, Viral B.},
  year = {2017},
  month = jan,
  journal = {SIAM Review},
  volume = {59},
  number = {1},
  pages = {65--98},
  publisher = {{Society for Industrial and Applied Mathematics}},
  issn = {0036-1445},
  doi = {10.1137/141000671},
  annotation = {3365 citations (Semantic Scholar/DOI) [2022-12-26] 2052 citations (Crossref) [2022-12-26]}
}

@article{Bishop_2019_DataAssimilationStrategies,
  title = {Data assimilation strategies for state-dependent observation error variances},
  author = {Bishop, Craig H.},
  year = {2019},
  journal = {Quarterly Journal of the Royal Meteorological Society},
  volume = {145},
  number = {718},
  pages = {217--227},
  issn = {1477-870X},
  doi = {10.1002/qj.3424},
  langid = {english},
  annotation = {10 citations (Semantic Scholar/DOI) [2022-12-26] 8 citations (Crossref) [2022-12-26]}
}

@article{Blagoveshchenskii_1962_DiffusionProcessesDepending,
  title = {Diffusion {{Processes Depending}} on a {{Small Parameter}}},
  author = {Blagoveshchenskii, Yu N.},
  year = {1962},
  journal = {Theory of Probability and its Applications},
  volume = {7},
  number = {2},
  pages = {17},
  publisher = {{Society for Industrial and Applied Mathematics}},
  address = {{Philadelphia, United States}},
  issn = {0040585X},
  doi = {10.1137/1107013},
  copyright = {[Copyright] \textcopyright{} Society for Industrial and Applied Mathematics},
  langid = {english},
  annotation = {11 citations (Semantic Scholar/DOI) [2022-12-26] 6 citations (Crossref) [2022-12-26]}
}

@article{BlakeEtAl_2023_ExplicitGaussianCharacterisation,
  title = {Explicit {{Gaussian}} characterisation of model uncertainty in the limit of small noise},
  author = {Blake, Liam and Maclean, John and Balasuriya, Sanjeeva},
  year = {2023},
  journal = {submitted to SIAM/ASA Journal on Uncertainty Quantification}
}

@book{BrauerCastillo-Chavez_2012_MathematicalModelsPopulation,
  title = {Mathematical models in population biology and epidemiology},
  author = {Brauer, Fred and {Castillo-Ch{\'a}vez}, Carlos},
  year = {2012},
  series = {Texts in applied mathematics},
  edition = {2nd ed},
  number = {40},
  publisher = {{Springer}},
  address = {{New York}},
  isbn = {978-1-4614-1685-2},
  lccn = {QH352 .B73 2012}
}

@book{Bremaud_2020_ProbabilityTheoryStochastic,
  title = {Probability {{Theory}} and {{Stochastic Processes}}},
  author = {Br{\'e}maud, Pierre},
  year = {2020},
  series = {Universitext},
  edition = {First},
  publisher = {{Springer}},
  isbn = {978-3-030-40182-5}
}

@incollection{BudhirajaEtAl_2019_AssimilatingDataModels,
  title = {Assimilating {{Data}} into {{Models}}},
  booktitle = {Handbook of {{Environmental}} and {{Ecological Statistics}}},
  author = {Budhiraja, Amarjit and Friedlander, Eric and Guider, Colin and Jones, C. K. R. T. and Maclean, John},
  year = {2019},
  edition = {1st Edition},
  publisher = {{Chapman and Hall/CRC}},
  isbn = {978-1-315-15250-9}
}

@article{Collins_2007_EnsemblesProbabilitiesNew,
  title = {Ensembles and probabilities: a new era in the prediction of climate change},
  shorttitle = {Ensembles and probabilities},
  author = {Collins, Mat},
  year = {2007},
  month = jun,
  journal = {Philosophical Transactions of the Royal Society A: Mathematical, Physical and Engineering Sciences},
  volume = {365},
  number = {1857},
  pages = {1957--1970},
  publisher = {{Royal Society}},
  doi = {10.1098/rsta.2007.2068}
}

@article{CotterPavliotis_2009_EstimatingEddyDiffusivities,
  title = {Estimating eddy diffusivities from noisy {{Lagrangian}} observations},
  author = {Cotter, C. J. and Pavliotis, G. A.},
  year = {2009},
  month = dec,
  journal = {Communications in Mathematical Sciences},
  volume = {7},
  number = {4},
  pages = {805--838},
  publisher = {{International Press of Boston}},
  issn = {1945-0796},
  doi = {10.4310/CMS.2009.v7.n4.a2},
  langid = {english},
  annotation = {17 citations (Semantic Scholar/DOI) [2022-12-26] 9 citations (Crossref) [2022-12-26]}
}

@article{DanischKrumbiegel_2021_MakieJlFlexible,
  title = {Makie.jl: {{Flexible}} high-performance data visualization for {{Julia}}},
  shorttitle = {Makie.jl},
  author = {Danisch, Simon and Krumbiegel, Julius},
  year = {2021},
  month = sep,
  journal = {Journal of Open Source Software},
  volume = {6},
  number = {65},
  pages = {3349},
  issn = {2475-9066},
  doi = {10.21105/joss.03349},
  langid = {english}
}

@article{Ditlevsen_1999_ObservationAstableNoise,
  title = {Observation of {$\alpha$}-stable noise induced millennial climate changes from an ice-core record},
  author = {Ditlevsen, Peter D.},
  year = {1999},
  journal = {Geophysical Research Letters},
  volume = {26},
  number = {10},
  pages = {1441--1444},
  issn = {1944-8007},
  doi = {10.1029/1999GL900252},
  langid = {english},
  annotation = {267 citations (Semantic Scholar/DOI) [2022-12-26] 210 citations (Crossref) [2022-12-26]}
}

@article{dOvidioEtAl_2010_FluidDynamicalNiches,
  title = {Fluid dynamical niches of phytoplankton types},
  author = {{d'Ovidio}, Francesco and De Monte, Silvia and Alvain, S{\'e}verine and Dandonneau, Yves and L{\'e}vy, Marina},
  year = {2010},
  month = oct,
  journal = {Proceedings of the National Academy of Sciences},
  volume = {107},
  number = {43},
  pages = {18366--18370},
  publisher = {{Proceedings of the National Academy of Sciences}},
  doi = {10.1073/pnas.1004620107}
}

@article{FangEtAl_2020_DisentanglingResolutionPrecision,
  title = {Disentangling resolution, precision, and inherent stochasticity in nonlinear systems},
  author = {Fang, Lei and Balasuriya, Sanjeeva and Ouellette, Nicholas T.},
  year = {2020},
  month = jun,
  journal = {Physical Review Research},
  volume = {2},
  number = {2},
  pages = {023343},
  publisher = {{American Physical Society}},
  doi = {10.1103/PhysRevResearch.2.023343},
  annotation = {3 citations (Semantic Scholar/DOI) [2022-12-26] 2 citations (Crossref) [2022-12-26]}
}

@article{FepponLermusiaux_2018_DynamicallyOrthogonalNumerical,
  title = {Dynamically {{Orthogonal Numerical Schemes}} for {{Efficient}}  {{Stochastic Advection}} and {{Lagrangian Transport}}},
  author = {Feppon, Florian and Lermusiaux, Pierre F. J.},
  year = {2018},
  month = jan,
  journal = {SIAM Review},
  volume = {60},
  number = {3},
  pages = {595--625},
  publisher = {{Society for Industrial and Applied Mathematics}},
  issn = {0036-1445},
  doi = {10.1137/16M1109394},
  annotation = {40 citations (Semantic Scholar/DOI) [2022-12-26] 25 citations (Crossref) [2022-12-26]}
}

@book{FreidlinWentzell_1998_RandomPerturbationsDynamical,
  title = {Random {{Perturbations}} of {{Dynamical Systems}}},
  author = {Freidlin, Mark I. and Wentzell, Alexander D.},
  year = {1998},
  series = {Grundlehren der mathematischen {{Wissenschaften}}},
  edition = {Second},
  publisher = {{Springer}},
  address = {{New York, NY}}
}

@article{GreenEtAl_2007_DetectionLagrangianCoherent,
  title = {Detection of {{Lagrangian}} coherent structures in three-dimensional turbulence},
  author = {Green, M. A. and Rowley, C. W. and Haller, G.},
  year = {2007},
  month = feb,
  journal = {Journal of Fluid Mechanics},
  volume = {572},
  pages = {111--120},
  publisher = {{Cambridge University Press}},
  issn = {1469-7645, 0022-1120},
  doi = {10.1017/S0022112006003648},
  langid = {english},
  annotation = {289 citations (Semantic Scholar/DOI) [2022-12-26] 256 citations (Crossref) [2022-12-26]}
}

@article{HadjighasemEtAl_2017_CriticalComparisonLagrangian,
  title = {A critical comparison of {{Lagrangian}} methods for coherent structure           detection},
  author = {Hadjighasem, Alireza and Farazmand, Mohammad and Blazevski, Daniel and Froyland, Gary and Haller, George},
  year = {2017},
  month = may,
  journal = {Chaos: An Interdisciplinary Journal of Nonlinear Science},
  volume = {27},
  number = {5},
  pages = {053104},
  publisher = {{American Institute of Physics}},
  issn = {1054-1500},
  doi = {10.1063/1.4982720},
  annotation = {156 citations (Semantic Scholar/DOI) [2022-12-26] 117 citations (Crossref) [2022-12-26]}
}

@article{Haller_2001_DistinguishedMaterialSurfaces,
  title = {Distinguished material surfaces and coherent structures in three-dimensional fluid flows},
  author = {Haller, G.},
  year = {2001},
  month = mar,
  journal = {Physica D: Nonlinear Phenomena},
  volume = {149},
  number = {4},
  pages = {248--277},
  issn = {0167-2789},
  doi = {10.1016/S0167-2789(00)00199-8},
  langid = {english},
  annotation = {790 citations (Semantic Scholar/DOI) [2022-12-26] 576 citations (Crossref) [2022-12-26]}
}

@article{Haller_2015_LagrangianCoherentStructures,
  title = {Lagrangian {{Coherent Structures}}},
  author = {Haller, George},
  year = {2015},
  journal = {Annual Review of Fluid Mechanics},
  volume = {47},
  pages = {137--162},
  doi = {10.1146/annurev-fluid-010313-141322}
}

@article{HallerEtAl_2016_DefiningCoherentVortices,
  title = {Defining coherent vortices objectively from the vorticity},
  author = {Haller, George and Hadjighasem, A. and Farazmand, Mohammad and Huhn, F.},
  year = {2016},
  month = may,
  journal = {Journal of Fluid Mechanics},
  volume = {795},
  pages = {136--173},
  publisher = {{Cambridge University Press}},
  issn = {0022-1120, 1469-7645},
  doi = {10.1017/jfm.2016.151},
  langid = {english},
  annotation = {219 citations (Semantic Scholar/DOI) [2022-12-26] 189 citations (Crossref) [2022-12-26]}
}

@article{HallerEtAl_2018_MaterialBarriersDiffusive,
  title = {Material barriers to diffusive and stochastic transport},
  author = {Haller, George and Karrasch, Daniel and Kogelbauer, Florian},
  year = {2018},
  month = sep,
  journal = {Proceedings of the National Academy of Sciences},
  volume = {115},
  number = {37},
  pages = {9074--9079},
  publisher = {{Proceedings of the National Academy of Sciences}},
  doi = {10.1073/pnas.1720177115},
  annotation = {48 citations (Semantic Scholar/DOI) [2022-12-26] 37 citations (Crossref) [2022-12-26]}
}

@book{HubbardHubbard_2009_VectorCalculusLinear,
  title = {Vector calculus, linear algebra, and differential forms: a unified approach},
  shorttitle = {Vector calculus, linear algebra, and differential forms},
  author = {Hubbard, John H. and Hubbard, Barbara Burke},
  year = {2009},
  edition = {4th ed},
  publisher = {{Matrix Editions}},
  address = {{Ithaca, NY}},
  isbn = {978-0-9715766-5-0},
  lccn = {QA303.2 .H83 2009},
  annotation = {OCLC: ocn319247418}
}

@book{Jazwinski_2014_StochasticProcessesFiltering,
  title = {Stochastic {{Processes}} and {{Filtering Theory}}},
  author = {Jazwinski, Andrew H.},
  year = {2014},
  series = {Mathematics in {{Science}} and {{Engineering}}},
  volume = {64},
  publisher = {{Elsevier Science}},
  address = {{Burlington}},
  isbn = {978-0-08-096090-6},
  langid = {english},
  annotation = {OCLC: 1058499602}
}

@article{Jensen_1906_FonctionsConvexesInegalites,
  title = {Sur les fonctions convexes et les in\'egalit\'es entre les valeurs moyennes},
  author = {Jensen, J. L. W. V.},
  year = {1906},
  month = jan,
  journal = {Acta Mathematica},
  volume = {30},
  number = {none},
  pages = {175--193},
  publisher = {{Institut Mittag-Leffler}},
  issn = {0001-5962, 1871-2509},
  doi = {10.1007/BF02418571},
  annotation = {1471 citations (Semantic Scholar/DOI) [2022-12-26] 1017 citations (Crossref) [2022-12-26]}
}

@book{Jolliffe_2002_PrincipalComponentAnalysis,
  title = {Principal {{Component Analysis}}},
  author = {Jolliffe, Ian T.},
  year = {2002},
  series = {Springer {{Series}} in {{Statistics}}},
  edition = {Second},
  publisher = {{Springer}},
  address = {{New York, NY}},
  isbn = {978-0-387-22440-4},
  langid = {english}
}

@book{KallianpurSundar_2014_StochasticAnalysisDiffusion,
  title = {Stochastic analysis and diffusion processes},
  author = {Kallianpur, G. and Sundar, P.},
  year = {2014},
  series = {Oxford graduate texts in mathematics},
  edition = {First edition},
  number = {24},
  publisher = {{Oxford University Press}},
  address = {{Oxford, United Kingdom}},
  isbn = {978-0-19-965706-3 978-0-19-965707-0},
  lccn = {QA274 .K338 2014},
  annotation = {OCLC: ocn869525197}
}

@article{KamenkovichEtAl_2015_PropertiesOriginsAnisotropic,
  title = {Properties and {{Origins}} of the {{Anisotropic Eddy-Induced Transport}} in the {{North Atlantic}}},
  author = {Kamenkovich, Igor and Rypina, Irina I. and Berloff, Pavel},
  year = {2015},
  month = mar,
  journal = {Journal of Physical Oceanography},
  volume = {45},
  number = {3},
  pages = {778--791},
  publisher = {{American Meteorological Society}},
  issn = {0022-3670, 1520-0485},
  doi = {10.1175/JPO-D-14-0164.1},
  chapter = {Journal of Physical Oceanography},
  langid = {english},
  annotation = {29 citations (Semantic Scholar/DOI) [2022-12-26] 29 citations (Crossref) [2022-12-26]}
}

@book{KloedenPlaten_1992_NumericalSolutionStochastic,
  title = {Numerical {{Solution}} of {{Stochastic Differential Equations}}},
  author = {Kloeden, Peter E. and Platen, Eckhard},
  year = {1992},
  series = {Applications of {{Mathematics}}},
  edition = {1st},
  publisher = {{Springer}},
  address = {{Berlin, Heidelberg}},
  isbn = {978-3-540-54062-5}
}

@book{LawEtAl_2015_DataAssimilationMathematical,
  title = {Data assimilation: a mathematical introduction},
  shorttitle = {Data assimilation},
  author = {Law, Kody and Stuart, Andrew and Zygalakis, Konstantinos},
  year = {2015},
  series = {Texts in applied mathematics},
  number = {volume 62},
  publisher = {{Springer}},
  address = {{Cham Heidelberg New York Dordrecht London}},
  doi = {10.1007/978-3-319-20325-6},
  isbn = {978-3-319-20324-9 978-3-319-36687-6},
  langid = {english}
}

@article{LekienEtAl_2007_LagrangianCoherentStructures,
  title = {Lagrangian coherent structures in n-dimensional systems},
  author = {Lekien, Francois and Shadden, Shawn C. and Marsden, Jerrold E.},
  year = {2007},
  month = jun,
  journal = {Journal of Mathematical Physics},
  volume = {48},
  number = {6},
  pages = {065404},
  publisher = {{American Institute of Physics}},
  issn = {0022-2488},
  doi = {10.1063/1.2740025},
  annotation = {192 citations (Semantic Scholar/DOI) [2022-12-26] 130 citations (Crossref) [2022-12-26]}
}

@article{Leung_2013_BackwardPhaseFlow,
  title = {The backward phase flow method for the {{Eulerian}} finite time {{Lyapunov}} exponent computations},
  author = {Leung, Shingyu},
  year = {2013},
  month = dec,
  journal = {Chaos: An Interdisciplinary Journal of Nonlinear Science},
  volume = {23},
  number = {4},
  pages = {043132},
  publisher = {{American Institute of Physics}},
  issn = {1054-1500},
  doi = {10.1063/1.4847175},
  annotation = {17 citations (Semantic Scholar/DOI) [2022-12-26] 17 citations (Crossref) [2022-12-26]}
}

@article{Leutbecher_2019_EnsembleSizeHow,
  title = {Ensemble size: {{How}} suboptimal is less than infinity?},
  shorttitle = {Ensemble size},
  author = {Leutbecher, Martin},
  year = {2019},
  journal = {Quarterly Journal of the Royal Meteorological Society},
  volume = {145},
  number = {S1},
  pages = {107--128},
  issn = {1477-870X},
  doi = {10.1002/qj.3387},
  langid = {english}
}

@article{LeutbecherEtAl_2017_StochasticRepresentationsModel,
  title = {Stochastic representations of model uncertainties at {{ECMWF}}: state of the art and future vision},
  shorttitle = {Stochastic representations of model uncertainties at {{ECMWF}}},
  author = {Leutbecher, Martin and Lock, Sarah-Jane and Ollinaho, Pirkka and Lang, Simon T. K. and Balsamo, Gianpaolo and Bechtold, Peter and Bonavita, Massimo and Christensen, Hannah M. and Diamantakis, Michail and Dutra, Emanuel and English, Stephen and Fisher, Michael and Forbes, Richard M. and Goddard, Jacqueline and Haiden, Thomas and Hogan, Robin J. and Juricke, Stephan and Lawrence, Heather and MacLeod, Dave and Magnusson, Linus and Malardel, Sylvie and Massart, Sebastien and Sandu, Irina and Smolarkiewicz, Piotr K. and Subramanian, Aneesh and Vitart, Fr{\'e}d{\'e}ric and Wedi, Nils and Weisheimer, Antje},
  year = {2017},
  journal = {Quarterly Journal of the Royal Meteorological Society},
  volume = {143},
  number = {707},
  pages = {2315--2339},
  issn = {1477-870X},
  doi = {10.1002/qj.3094},
  langid = {english}
}

@article{LiZhang_2016_ModerateDeviationsCentral,
  title = {Moderate deviations and central limit theorem for positive diffusions},
  author = {Li, Yumeng and Zhang, Shuguang},
  year = {2016},
  month = mar,
  journal = {Journal of Inequalities and Applications},
  volume = {2016},
  number = {1},
  pages = {87},
  issn = {1029-242X},
  doi = {10.1186/s13660-016-1031-2},
  annotation = {1 citations (Semantic Scholar/DOI) [2022-12-26] 0 citations (Crossref) [2022-12-26]}
}

@article{LuEtAl_2017_GaussianApproximationsProbability,
  title = {Gaussian {{Approximations}} for {{Probability Measures}} on $\mathbb{R}^d$},
  author = {Lu, Yulong and Stuart, Andrew and Weber, Hendrik},
  year = {2017},
  month = jan,
  journal = {SIAM/ASA Journal on Uncertainty Quantification},
  volume = {5},
  number = {1},
  pages = {1136--1165},
  publisher = {{Society for Industrial and Applied Mathematics}},
  doi = {10.1137/16M1105384},
  annotation = {21 citations (Semantic Scholar/DOI) [2022-12-26] 11 citations (Crossref) [2022-12-26]}
}

@article{MacleanEtAl_2017_CoherentStructureApproach,
  title = {A coherent structure approach for parameter estimation in {{Lagrangian Data Assimilation}}},
  author = {Maclean, John and Santitissadeekorn, Naratip and Jones, Christopher K. R. T.},
  year = {2017},
  month = dec,
  journal = {Physica D: Nonlinear Phenomena},
  volume = {360},
  pages = {36--45},
  issn = {0167-2789},
  doi = {10.1016/j.physd.2017.08.007},
  langid = {english},
  annotation = {14 citations (Semantic Scholar/DOI) [2022-12-26] 8 citations (Crossref) [2022-12-26]}
}

@book{MagnusNeudecker_2019_MatrixDifferentialCalculus,
  title = {Matrix {{Differential Calculus}} with {{Applications}} in {{Statistics}} and {{Econometrics}}},
  author = {Magnus, Jan R. and Neudecker, Heinz},
  year = {2019},
  publisher = {{John Wiley \& Sons, Incorporated}},
  address = {{Newark, United Kingdom}},
  isbn = {978-1-119-54119-6}
}

@article{MoraEtAl_2017_StableNumericalScheme,
  title = {A {{Stable Numerical Scheme}} for {{Stochastic Differential Equations}} with {{Multiplicative Noise}}},
  author = {Mora, C. M. and Mardones, H. A. and Jimenez, J. C. and Selva, M. and Biscay, R.},
  year = {2017},
  month = jan,
  journal = {SIAM Journal on Numerical Analysis},
  volume = {55},
  number = {4},
  pages = {1614--1649},
  publisher = {{Society for Industrial and Applied Mathematics}},
  issn = {0036-1429},
  doi = {10.1137/140984488}
}

@article{MorzfeldEtAl_2018_FeaturebasedDataAssimilation,
  title = {Feature-based data assimilation in geophysics},
  author = {Morzfeld, Matthias and Adams, Jesse and Lunderman, Spencer and Orozco, Rafael},
  year = {2018},
  month = may,
  journal = {Nonlinear Processes in Geophysics},
  volume = {25},
  number = {2},
  pages = {355--374},
  publisher = {{Copernicus GmbH}},
  issn = {1023-5809},
  doi = {10.5194/npg-25-355-2018},
  langid = {english}
}

@book{Oksendal_2003_StochasticDifferentialEquations,
  title = {Stochastic {{Differential Equations}}},
  author = {{\O}ksendal, Bernt},
  year = {2003},
  series = {Universitext},
  edition = {Sixth},
  publisher = {{Springer}},
  address = {{Berlin, Heidelberg}},
  doi = {10.1007/978-3-642-14394-6},
  isbn = {978-3-540-04758-2 978-3-642-14394-6},
  langid = {english}
}

@article{Palmer_2019_StochasticWeatherClimate,
  title = {Stochastic weather and climate models},
  author = {Palmer, T. N.},
  year = {2019},
  month = jul,
  journal = {Nature Reviews Physics},
  volume = {1},
  number = {7},
  pages = {463--471},
  publisher = {{Nature Publishing Group}},
  issn = {2522-5820},
  doi = {10.1038/s42254-019-0062-2},
  copyright = {2019 The Publisher},
  langid = {english}
}

@incollection{PeikertEtAl_2014_ComparisonFiniteTimeFiniteSize,
  title = {A {{Comparison}} of {{Finite-Time}} and {{Finite-Size Lyapunov Exponents}}},
  booktitle = {Topological {{Methods}} in {{Data Analysis}} and {{Visualisation III}}},
  author = {Peikert, Ronald and Pobitzer, Armin and Sadlo, Filip and Schindler, Benjamin},
  editor = {Bremer, Peer-Timo and Hotz, Ingrid and Pascucci, Valerio and Peikert, Ronald},
  year = {2014},
  series = {Mathematics and {{Visualization}}},
  publisher = {{Springer International Publishing}},
  address = {{Cham}},
  isbn = {978-3-319-04099-8},
  langid = {english}
}

@article{PenlandEwald_2008_ModellingPhysicalSystems,
  title = {On {{Modelling Physical Systems}} with {{Stochastic Models}}: {{Diffusion}} versus {{L\'evy Processes}}},
  shorttitle = {On {{Modelling Physical Systems}} with {{Stochastic Models}}},
  author = {Penland, C{\'e}cile and Ewald, Brian D.},
  year = {2008},
  journal = {Philosophical Transactions: Mathematical, Physical and Engineering Sciences},
  volume = {366},
  number = {1875},
  pages = {2457--2476},
  publisher = {{The Royal Society}},
  issn = {1364-503X},
  doi = {10.1098/rsta.2008.0051}
}

@article{Pierrehumbert_1991_ChaoticMixingTracer,
  title = {Chaotic mixing of tracer and vorticity by modulated travelling {{Rossby}} waves},
  author = {Pierrehumbert, R. T.},
  year = {1991},
  month = jul,
  journal = {Geophysical \& Astrophysical Fluid Dynamics},
  volume = {58},
  number = {1-4},
  pages = {285--319},
  publisher = {{Taylor \& Francis}},
  issn = {0309-1929},
  doi = {10.1080/03091929108227343},
  annotation = {165 citations (Semantic Scholar/DOI) [2022-12-26] 124 citations (Crossref) [2022-12-26]}
}

@article{RabenEtAl_2013_ComputationFinitetimeLyapunov,
  title = {Computation of finite-time {{Lyapunov}} exponents from time-resolved particle image velocimetry data},
  author = {Raben, Samuel G. and Ross, Shane D. and Vlachos, Pavlos P.},
  year = {2013},
  month = dec,
  journal = {Experiments in Fluids},
  volume = {55},
  number = {1},
  pages = {1638},
  issn = {1432-1114},
  doi = {10.1007/s00348-013-1638-8},
  langid = {english},
  annotation = {0 citations (Semantic Scholar/DOI) [2022-12-26] 22 citations (Crossref) [2022-12-26]}
}

@article{RackauckasNie_2017_DifferentialEquationsJlPerformant,
  title = {{{DifferentialEquations}}.jl \textendash{} {{A Performant}} and {{Feature-Rich Ecosystem}} for {{Solving Differential Equations}} in {{Julia}}},
  author = {Rackauckas, Christopher and Nie, Qing},
  year = {2017},
  month = may,
  journal = {Journal of Open Research Software},
  volume = {5},
  number = {1},
  pages = {15},
  publisher = {{Ubiquity Press}},
  issn = {2049-9647},
  doi = {10.5334/jors.151},
  copyright = {Authors who publish with this journal agree to the following terms:    Authors retain copyright and grant the journal right of first publication with the work simultaneously licensed under a  Creative Commons Attribution License  that allows others to share the work with an acknowledgement of the work's authorship and initial publication in this journal.  Authors are able to enter into separate, additional contractual arrangements for the non-exclusive distribution of the journal's published version of the work (e.g., post it to an institutional repository or publish it in a book), with an acknowledgement of its initial publication in this journal.  Authors are permitted and encouraged to post their work online (e.g., in institutional repositories or on their website) prior to and during the submission process, as it can lead to productive exchanges, as well as earlier and greater citation of published work (See  The Effect of Open Access ).  All third-party images reproduced on this journal are shared under Educational Fair Use. For more information on  Educational Fair Use , please see  this useful checklist prepared by Columbia University Libraries .   All copyright  of third-party content posted here for research purposes belongs to its original owners.  Unless otherwise stated all references to characters and comic art presented on this journal are \textcopyright, \textregistered{} or \texttrademark{} of their respective owners. No challenge to any owner's rights is intended or should be inferred.},
  langid = {english},
  annotation = {677 citations (Semantic Scholar/DOI) [2022-12-26] 471 citations (Crossref) [2022-12-26]}
}

@book{ReichCotter_2015_ProbabilisticForecastingBayesian,
  title = {Probabilistic {{Forecasting}} and {{Bayesian Data Assimilation}}},
  author = {Reich, Sebastian and Cotter, Colin},
  year = {2015},
  publisher = {{Cambridge University Press}},
  address = {{Cambridge}},
  doi = {10.1017/CBO9781107706804},
  isbn = {978-1-107-06939-8}
}

@article{Roberts_2012_ModifyImprovedEuler,
  title = {Modify the {{Improved Euler}} scheme to integrate stochastic differential equations},
  author = {Roberts, A. J.},
  year = {2012},
  month = oct,
  journal = {arXiv:1210.0933 [math]},
  eprint = {1210.0933},
  primaryclass = {math},
  archiveprefix = {arxiv},
  keywords = {Numerical Method,Stochastic Differential Equations},
  annotation = {20 citations (Semantic Scholar/arXiv) [2022-12-26]}
}

@article{Rossler_2010_RungeKuttaMethodsStrong,
  title = {Runge-{{Kutta Methods}} for the {{Strong Approximation}} of {{Solutions}} of {{Stochastic Differential Equations}}},
  author = {R{\"o}{\ss}ler, Andreas},
  year = {2010},
  journal = {SIAM Journal on Numerical Analysis},
  volume = {48},
  number = {3},
  pages = {922--952},
  publisher = {{Society for Industrial and Applied Mathematics}},
  issn = {0036-1429},
  doi = {10.1137/09076636X}
}

@book{SamelsonWiggins_2006_LagrangianTransportGeophysical,
  title = {Lagrangian {{Transport}} in {{Geophysical Jets}} and {{Waves}}: {{The Dynamical Systems Approach}}},
  author = {Samelson, Roger M. and Wiggins, Stephen},
  year = {2006},
  series = {Interdisciplinary {{Applied Mathematics}}},
  volume = {31},
  publisher = {{Springer}},
  address = {{New York, NY}}
}

@article{Sanz-AlonsoStuart_2017_GaussianApproximationsSmall,
  title = {Gaussian {{Approximations}} of {{Small Noise Diffusions}} in {{Kullback-Leibler Divergence}}},
  author = {{Sanz-Alonso}, Daniel and Stuart, Andrew M.},
  year = {2017},
  month = oct,
  journal = {Communications in Mathematical Sciences},
  volume = {15},
  number = {7},
  pages = {2087--2097},
  publisher = {{International Press}},
  issn = {1539-6746},
  doi = {https://dx.doi.org/10.4310/CMS.2017.v15.n7.a13},
  copyright = {other},
  langid = {english}
}

@incollection{SardeshmukhEtAl_2001_RossbyWavesStochastically,
  title = {Rossby waves in a stochastically fluctuating medium},
  booktitle = {Stochastic {{Climate Models}}},
  author = {Sardeshmukh, Prashant and Penland, C{\'e}cile and Newman, Matthew},
  editor = {Imkeller, Peter and {von Storch}, Jin-Song},
  year = {2001},
  series = {Progress in {{Probability}}},
  pages = {369--384},
  publisher = {{Birkh\"auser}},
  address = {{Basel}},
  isbn = {978-3-0348-8287-3},
  langid = {english}
}

@book{SarkkaSolin_2019_AppliedStochasticDifferential,
  title = {Applied {{Stochastic Differential Equations}}},
  author = {S{\"a}rkk{\"a}, Simo and Solin, Arno},
  year = {2019},
  series = {Institute of {{Mathematical Statistics Textbooks}}},
  publisher = {{Cambridge University Press}},
  address = {{Cambridge}},
  doi = {10.1017/9781108186735},
  isbn = {978-1-316-51008-7}
}

@article{Schlueter-KuckDabiri_2019_ModelParameterEstimation,
  title = {Model parameter estimation using coherent structure colouring},
  author = {{Schlueter-Kuck}, Kristy L. and Dabiri, John O.},
  year = {2019},
  month = feb,
  journal = {Journal of Fluid Mechanics},
  volume = {861},
  pages = {886--900},
  publisher = {{Cambridge University Press}},
  issn = {0022-1120, 1469-7645},
  doi = {10.1017/jfm.2018.898},
  langid = {english},
  annotation = {4 citations (Semantic Scholar/DOI) [2022-12-26] 2 citations (Crossref) [2022-12-26]}
}

@article{StammerEtAl_2016_OceanDataAssimilation,
  title = {Ocean {{Data Assimilation}} in {{Support}} of {{Climate Applications}}: {{Status}} and {{Perspectives}}},
  shorttitle = {Ocean {{Data Assimilation}} in {{Support}} of {{Climate Applications}}},
  author = {Stammer, D. and Balmaseda, M. and Heimbach, P. and K{\"o}hl, A. and Weaver, A.},
  year = {2016},
  month = jan,
  journal = {Annual Review of Marine Science},
  volume = {8},
  pages = {491--518},
  doi = {10.1146/annurev-marine-122414-034113},
  annotation = {74 citations (Semantic Scholar/DOI) [2022-12-26] 67 citations (Crossref) [2022-12-26] ADS Bibcode: 2016ARMS....8..491S}
}

@article{SulmanEtAl_2013_LeavingFlatlandDiagnostics,
  title = {Leaving flatland: {{Diagnostics}} for {{Lagrangian}} coherent structures in three-dimensional flows},
  shorttitle = {Leaving flatland},
  author = {Sulman, Mohamed H. M. and Huntley, Helga S. and Lipphardt, B. L. and Kirwan, A. D.},
  year = {2013},
  month = sep,
  journal = {Physica D: Nonlinear Phenomena},
  volume = {258},
  pages = {77--92},
  issn = {0167-2789},
  doi = {10.1016/j.physd.2013.05.005},
  langid = {english},
  annotation = {28 citations (Semantic Scholar/DOI) [2022-12-26] 21 citations (Crossref) [2022-12-26]}
}

@article{SunEtAl_2022_DataDrivenAdaptive,
  title = {Data driven adaptive {{Gaussian}} mixture model for solving {{Fokker}}\textendash{{Planck}} equation},
  author = {Sun, Wenqing and Feng, Jinqian and Su, Jin and Liang, Yunyun},
  year = {2022},
  month = mar,
  journal = {Chaos: An Interdisciplinary Journal of Nonlinear Science},
  volume = {32},
  number = {3},
  pages = {033131},
  publisher = {{American Institute of Physics}},
  issn = {1054-1500},
  doi = {10.1063/5.0083822},
  annotation = {1 citations (Semantic Scholar/DOI) [2022-12-26] 1 citations (Crossref) [2022-12-26]}
}

@article{SuoYuan_2021_CentralLimitTheorem,
  title = {Central {{Limit Theorem}} and {{Moderate Deviation Principle}} for {{McKean-Vlasov SDEs}}},
  author = {Suo, Yongqiang and Yuan, Chenggui},
  year = {2021},
  month = oct,
  journal = {Acta Applicandae Mathematicae},
  volume = {175},
  number = {1},
  pages = {16},
  issn = {1572-9036},
  doi = {10.1007/s10440-021-00444-z},
  langid = {english},
  annotation = {4 citations (Semantic Scholar/DOI) [2022-12-26] 0 citations (Crossref) [2022-12-26]}
}

@article{Sura_2003_StochasticAnalysisSouthern,
  title = {Stochastic {{Analysis}} of {{Southern}} and {{Pacific Ocean Sea Surface Winds}}},
  author = {Sura, Philip},
  year = {2003},
  month = feb,
  journal = {Journal of the Atmospheric Sciences},
  volume = {60},
  number = {4},
  pages = {654--666},
  publisher = {{American Meteorological Society}},
  issn = {0022-4928, 1520-0469},
  doi = {10.1175/1520-0469(2003)060<0654:SAOSAP>2.0.CO;2},
  chapter = {Journal of the Atmospheric Sciences},
  langid = {english},
  annotation = {54 citations (Semantic Scholar/DOI) [2022-12-26] 42 citations (Crossref) [2022-12-26]}
}

@article{SuraEtAl_2005_MultiplicativeNoiseNonGaussianity,
  title = {Multiplicative {{Noise}} and {{Non-Gaussianity}}: {{A Paradigm}} for {{Atmospheric Regimes}}?},
  shorttitle = {Multiplicative {{Noise}} and {{Non-Gaussianity}}},
  author = {Sura, Philip and Newman, Matthew and Penland, C{\'e}cile and Sardeshmukh, Prashant},
  year = {2005},
  month = may,
  journal = {Journal of the Atmospheric Sciences},
  volume = {62},
  number = {5},
  pages = {1391--1409},
  publisher = {{American Meteorological Society}},
  issn = {0022-4928, 1520-0469},
  doi = {10.1175/JAS3408.1},
  chapter = {Journal of the Atmospheric Sciences},
  langid = {english},
  annotation = {105 citations (Semantic Scholar/DOI) [2022-12-26] 103 citations (Crossref) [2022-12-26]}
}

@article{TelEtAl_2005_ChemicalBiologicalActivity,
  title = {Chemical and biological activity in open flows: {{A}} dynamical system approach},
  shorttitle = {Chemical and biological activity in open flows},
  author = {T{\'e}l, Tam{\'a}s and {de Moura}, Alessandro and Grebogi, Celso and K{\'a}rolyi, Gy{\"o}rgy},
  year = {2005},
  month = jul,
  journal = {Physics Reports},
  volume = {413},
  number = {2},
  pages = {91--196},
  issn = {0370-1573},
  doi = {10.1016/j.physrep.2005.01.005},
  langid = {english}
}

@article{vanSebilleEtAl_2018_LagrangianOceanAnalysis,
  title = {Lagrangian ocean analysis: {{Fundamentals}} and practices},
  shorttitle = {Lagrangian ocean analysis},
  author = {{van Sebille}, Erik and Griffies, Stephen M. and Abernathey, Ryan and Adams, Thomas P. and Berloff, Pavel and Biastoch, Arne and Blanke, Bruno and Chassignet, Eric P. and Cheng, Yu and Cotter, Colin J. and Deleersnijder, Eric and D{\"o}{\"o}s, Kristofer and Drake, Henri F. and Drijfhout, Sybren and Gary, Stefan F. and Heemink, Arnold W. and Kjellsson, Joakim and Koszalka, Inga Monika and Lange, Michael and Lique, Camille and MacGilchrist, Graeme A. and Marsh, Robert and Mayorga Adame, C. Gabriela and McAdam, Ronan and Nencioli, Francesco and Paris, Claire B. and Piggott, Matthew D. and Polton, Jeff A. and R{\"u}hs, Siren and Shah, Syed H. A. M. and Thomas, Matthew D. and Wang, Jinbo and Wolfram, Phillip J. and Zanna, Laure and Zika, Jan D.},
  year = {2018},
  month = jan,
  journal = {Ocean Modelling},
  volume = {121},
  pages = {49--75},
  issn = {1463-5003},
  doi = {10.1016/j.ocemod.2017.11.008},
  langid = {english},
  annotation = {240 citations (Semantic Scholar/DOI) [2022-12-26] 219 citations (Crossref) [2022-12-26]}
}

@article{Viecelli_1998_PossibilitySingularLowFrequency,
  title = {On the {{Possibility}} of {{Singular Low-Frequency Spectra}} and {{L\'evy Law Persistence Statistics}} in the {{Planetary-Scale Turbulent Circulation}}},
  author = {Viecelli, J. A.},
  year = {1998},
  month = mar,
  journal = {Journal of the Atmospheric Sciences},
  volume = {55},
  number = {5},
  pages = {677--689},
  publisher = {{American Meteorological Society}},
  issn = {0022-4928, 1520-0469},
  doi = {10.1175/1520-0469(1998)055<0677:OTPOSL>2.0.CO;2},
  chapter = {Journal of the Atmospheric Sciences},
  langid = {english},
  annotation = {10 citations (Semantic Scholar/DOI) [2022-12-26] 7 citations (Crossref) [2022-12-26]}
}

@article{WangEtAl_2015_ConfidenceAnalysisStandard,
  title = {Confidence {{Analysis}} of {{Standard Deviational Ellipse}} and {{Its Extension}} into {{Higher Dimensional Euclidean Space}}},
  author = {Wang, Bin and Shi, Wenzhong and Miao, Zelang},
  year = {2015},
  month = mar,
  journal = {PLoS ONE},
  volume = {10},
  number = {3},
  pages = {e0118537},
  issn = {1932-6203},
  doi = {10.1371/journal.pone.0118537},
  pmcid = {PMC4358977},
  pmid = {25769048},
  annotation = {137 citations (Semantic Scholar/DOI) [2022-12-26] 91 citations (Crossref) [2022-12-26]}
}

@article{Wiggins_2005_DynamicalSystemsApproach,
  title = {The {{Dynamical Systems Approach}} to {{Lagrangian Transport}} in {{Oceanic Flows}}},
  author = {Wiggins, Stephen},
  year = {2005},
  month = jan,
  journal = {Annual Review of Fluid Mechanics},
  volume = {37},
  number = {1},
  pages = {295--328},
  issn = {0066-4189, 1545-4479},
  doi = {10.1146/annurev.fluid.37.061903.175815},
  langid = {english}
}

@article{YingEtAl_2019_BayesianInferenceOcean,
  title = {Bayesian inference of ocean diffusivity from {{Lagrangian}} trajectory data},
  author = {Ying, Y. K. and Maddison, J. R. and Vanneste, J.},
  year = {2019},
  month = aug,
  journal = {Ocean Modelling},
  volume = {140},
  pages = {101401},
  issn = {1463-5003},
  doi = {10.1016/j.ocemod.2019.101401},
  langid = {english},
  annotation = {11 citations (Semantic Scholar/DOI) [2022-12-26] 10 citations (Crossref) [2022-12-26]}
}
